<?xml version="1.0" encoding="UTF-8"?><collection><record><leader>06881ntm a2200625 a 4500</leader><controlfield tag="001">006814136</controlfield><controlfield tag="003">MiAaHDL</controlfield><controlfield tag="005">20210411000000.0</controlfield><controlfield tag="006">m        d        </controlfield><controlfield tag="007">cr bn ---auaua</controlfield><controlfield tag="008">090601s1895    xx            000 0 ara  </controlfield><datafield tag="035" ind1=" " ind2=" "><subfield code="a">(MiU)006814136</subfield></datafield><datafield tag="035" ind1=" " ind2=" "><subfield code="a">sdr-miu006814136</subfield></datafield><datafield tag="040" ind1=" " ind2=" "><subfield code="a">MiU</subfield><subfield code="c">MiU</subfield><subfield code="e">amremm</subfield></datafield><datafield tag="043" ind1=" " ind2=" "><subfield code="a">n-us-mi</subfield></datafield><datafield tag="100" ind1="0" ind2=" "><subfield code="6">880-01</subfield><subfield code="a">Muḥammad ibn Sulayman ʻArafāt,</subfield><subfield code="d">fl. 1895.</subfield></datafield><datafield tag="240" ind1="1" ind2="0"><subfield code="6">880-02</subfield><subfield code="a">Sīrat Fāris al-ʻIrāq.</subfield><subfield code="n">juzʼ 4.</subfield></datafield><datafield tag="245" ind1="1" ind2="3"><subfield code="6">880-03</subfield><subfield code="a">al-Juzʼ al-rābiʻ min Sīrat Fāris al-ʻIrāq :</subfield><subfield code="b">man zalzala jamīʻ al-āfāq wa-shattat al-mulūk min al-ṭibāq, al-fāris al-mumāris wa-zayn al-majālis al-Malik Asad al-Fawāris,</subfield><subfield code="f">[1312, i.e. 1895].</subfield></datafield><datafield tag="246" ind1="3" ind2=" "><subfield code="6">880-04</subfield><subfield code="i">Title from close on p.123:</subfield><subfield code="a">جزء الرابع من سيرة اسد الفوارس</subfield></datafield><datafield tag="246" ind1="3" ind2="8"><subfield code="a">اسد فوارس ٤</subfield></datafield><datafield tag="260" ind1=" " ind2=" "><subfield code="c">[1895].</subfield></datafield><datafield tag="300" ind1=" " ind2=" "><subfield code="a">62 leaves :</subfield><subfield code="b">paper ;</subfield><subfield code="c">230 x 167 (180-185 x 110-115) mm.</subfield></datafield><datafield tag="500" ind1=" " ind2=" "><subfield code="a">Shelfmark: Ann Arbor, University of Michigan, Special Collections Research Center, Isl. Ms. 653 v.4</subfield></datafield><datafield tag="500" ind1=" " ind2=" "><subfield code="a">Origin: This volume lacks dated colophon. As appears in colophon of volume 25 (Isl. Ms. 653 v.25, pp.112-113) transcription of the entire set executed by Muḥammad ibn al-Ḥājj Sulaymān ʻArafāt with transcription completed 20 Dhū al-Ḥijjah 1312 [ca. 14 June 1895]. This volume was likely completed within months of that date. The colophon of vol. 25 also indicates that the work was authored by Muḥammad ibn al-Ḥājj Sulaymān ʻArafāt and Amīn ibn Muḥammad al-Sārī.</subfield></datafield><datafield tag="500" ind1=" " ind2=" "><subfield code="a">Accompanying materials: For acquisitions slip and inventory cataloguing slip, see volume 1 of the set, Isl. Ms. v.1.</subfield></datafield><datafield tag="500" ind1=" " ind2=" "><subfield code="a">Former shelfmark: From interior of upper cover, "IL 163" (likely supplied by Yahuda, see acquisitions slip in volume 1, Isl. Ms. 653 v.1).</subfield></datafield><datafield tag="500" ind1=" " ind2=" "><subfield code="a">Binding: Fiber boards covered in dark brown/black, green and now beige mottled paper (sponge painted or faux marbled look) with cream textile now over spine (traces of red cloth underneath) ; Type III binding (without flap) ; board linings in untinted wove paper ; recycled paper (i.e. ms. 'waste' carrying title for sixth volume) used for hinges ; numeral ٤ (indicating volume number) inscribed where spine material overlaps on upper and lower covers ; somewhat crudely sewn in beige yarn or twine, mainly four but also five and seven stations ; overall in fair condition with abrasion, staining, lifting and losses of paper, losses to boards, etc.</subfield></datafield><datafield tag="500" ind1=" " ind2=" "><subfield code="a">Support: European laid paper ; mainly with roughly 9 laid lines per cm. (vertical), chain lines spaced 28-31 mm. apart (horizontal), and watermarks of three crescents (67-68 mm. long, perpendicular to chains, see p.12, etc.) and name "FF. PALAZZUOLI" (for "...AZZUOLI" see p.24, etc. and for "FF. PAL..." see p.10, etc.) ; a few leaves at opening and final gathering in another type with 9-10 laid lines per cm. (vertical), chain lines spaced 23-26 mm. apart (horizontal), and watermark of three crescents (78 mm. long, perpendicular to chains) above "FERDINANDO BETTI" itself above word in Arabic script "ليكوريا" (see p.4, 8, 105, 114, 115, etc.).</subfield></datafield><datafield tag="500" ind1=" " ind2=" "><subfield code="a">Script: Ruqʻah ; virtually serifless with slight effect of tilt to the left and of words descending to baseline (occasionally more exaggerated), mainly closed counters, some elongation of horizontal strokes, point of final nūn often set deep within bowl, pointing (for two and three dots) varies from strokes or conjoined dots to distinct dots.</subfield></datafield><datafield tag="500" ind1=" " ind2=" "><subfield code="a">Layout: Written in 13 lines per page, occasionally divided to two columns to set off poetry.</subfield></datafield><datafield tag="500" ind1=" " ind2=" "><subfield code="a">Collation: VI (12), 5 V(62) ; chiefly quinions ; pagination in black ink, Hindu-Arabic numerals, center of the upper margin ; pagination in pencil, Western numerals, supplied during digitization.</subfield></datafield><datafield tag="500" ind1=" " ind2=" "><subfield code="a">Explicit: "فهجم عليه العبد ومسكه من قباطى بطنه والليل امسا والحديث ليلة غدا وغدا تسمعون يا رجال ما يأتي في بقية هذا الكلام واصلي واسلم على سيد ولد عدنان انتهى الجزء الرابع من سيرة اسد الفوارس و يليه الخامس م"</subfield></datafield><datafield tag="500" ind1=" " ind2=" "><subfield code="a">Incipit: "اللهم صل وسلم وبارك على سيدنا محمد النبي الامي وعلى اله وصحبه وسلم قال الراوي ولما فرغ اسد الفوارس من كلامه ..."</subfield></datafield><datafield tag="500" ind1=" " ind2=" "><subfield code="a">Title from 'title page' (p.3).</subfield></datafield><datafield tag="500" ind1=" " ind2=" "><subfield code="a">Ms. codex.</subfield></datafield><datafield tag="510" ind1="4" ind2=" "><subfield code="a">"Fāris." EI2,</subfield><subfield code="c">vol. II, p.800, col.1</subfield></datafield><datafield tag="510" ind1="4" ind2=" "><subfield code="a">Heath, P. " Sīra Shabiyya." EI2,</subfield><subfield code="c">vol. IX, p.664, col.1</subfield></datafield><datafield tag="510" ind1="4" ind2=" "><subfield code="a">Kropf, Evyn. "Recalling Alikurna: "ليكوريا" countermarked paper among scribes in the late 19th century Ottoman Levant." In Le commerce des papiers à marques à caractères non-latins. Documents et histoire = The Trade in Papers Marked with non-Latin Characters: Documents and History, Ed. Anne Regourd (Leiden: Brill, 2018):</subfield><subfield code="c">38-80.</subfield></datafield><datafield tag="520" ind1="8" ind2=" "><subfield code="a">Fourth of twenty-five volumes containing a collection of the epic tales of al-Malik Asad al-Fawāris ibn Jūdar [Jawdar], the fāris of ʻIrāq, in the manner of the Arabic heroic narrative (sīrah shaʻbīyah) apparently compiled in the present form by Muḥammad ibn Sulayman ʻArafāt (fl.1895) and Amīn ibn Muḥammad al-Sārī (fl.1895).</subfield></datafield><datafield tag="538" ind1=" " ind2=" "><subfield code="a">Mode of access: Internet.</subfield></datafield><datafield tag="541" ind1=" " ind2=" "><subfield code="a">Acquired in 1926 from the bookseller Isaac Benjamin S.E. Yahuda via purchase transacted on his behalf by his younger brother, the famous Orientalist and manuscript collector Abraham Shalom Yahuda (1877-1951).</subfield></datafield><datafield tag="546" ind1=" " ind2=" "><subfield code="a">Arabic.</subfield></datafield><datafield tag="561" ind1=" " ind2=" "><subfield code="a">Possible former shelfmark on spine "٩" ; circular seal impression in outer margin of p.19 ; scribbles and lists at opening and close of codex.</subfield></datafield><datafield tag="650" ind1=" " ind2="0"><subfield code="a">Manuscripts, Arabic</subfield><subfield code="z">Michigan</subfield><subfield code="z">Ann Arbor.</subfield></datafield><datafield tag="650" ind1=" " ind2="0"><subfield code="a">Arabs</subfield><subfield code="v">Folklore.</subfield></datafield><datafield tag="650" ind1=" " ind2="0"><subfield code="a">Folk literature, Arabic.</subfield></datafield><datafield tag="700" ind1="0" ind2=" "><subfield code="6">880-06</subfield><subfield code="a">Muḥammad ibn Sulayman ʻArafāt,</subfield><subfield code="d">fl. 1895,</subfield><subfield code="e">scribe,</subfield><subfield code="e">former owner.</subfield></datafield><datafield tag="700" ind1="0" ind2=" "><subfield code="6">880-05</subfield><subfield code="a">Amīn ibn Muḥammad al-Sārī,</subfield><subfield code="d">fl. 1895.</subfield></datafield><datafield tag="773" ind1="0" ind2=" "><subfield code="a">Yahuda Collection.</subfield></datafield><datafield tag="880" ind1="0" ind2=" "><subfield code="6">700-06/</subfield><subfield code="a">محمد بن سليمان عرفات،</subfield><subfield code="e">ناسخ،</subfield><subfield code="e">مالك سابق.</subfield></datafield><datafield tag="880" ind1="0" ind2=" "><subfield code="6">700-05/</subfield><subfield code="a">امين بن محمد الساري.</subfield></datafield><datafield tag="880" ind1="3" ind2=" "><subfield code="6">246-04/</subfield><subfield code="a">Juzʼ al-rābiʻ min Sīrat Asad al-Fawāris</subfield></datafield><datafield tag="880" ind1="1" ind2="2"><subfield code="6">245-03/</subfield><subfield code="a">الجزء الرابع من سيرة فارس العراق :</subfield><subfield code="b">من زلزل جميع الافاق وشتت الملوك من الطباق, الفارس الممارس وزين المجالس الملك اسد الفوارس,</subfield><subfield code="f">1312ه، 1895م].</subfield></datafield><datafield tag="880" ind1="1" ind2="0"><subfield code="6">240-02/</subfield><subfield code="a">سيرة فارس العراق.</subfield><subfield code="n">جزء 4.</subfield></datafield><datafield tag="880" ind1="0" ind2=" "><subfield code="6">100-01/</subfield><subfield code="a">محمد بن سليمان عرفات.</subfield></datafield><datafield tag="CID" ind1=" " ind2=" "><subfield code="a">006814136</subfield></datafield><datafield tag="DAT" ind1="0" ind2=" "><subfield code="a">20210411040112.0</subfield><subfield code="b">20210411000000.0</subfield></datafield><datafield tag="DAT" ind1="1" ind2=" "><subfield code="a">20210411090502.0</subfield><subfield code="b">2021-04-11T16:15:04Z</subfield></datafield><datafield tag="DAT" ind1="2" ind2=" "><subfield code="a">2015-10-10T18:00:06Z</subfield></datafield><datafield tag="CAT" ind1=" " ind2=" "><subfield code="a">SDR-MIU</subfield><subfield code="d">EX LIBRIS - ALEPH</subfield><subfield code="l">prepare.pl-004-008</subfield></datafield><datafield tag="FMT" ind1=" " ind2=" "><subfield code="a">BK</subfield></datafield><datafield tag="HOL" ind1=" " ind2=" "><subfield code="0">sdr-miu006814136</subfield><subfield code="a">MiU</subfield><subfield code="b">SDR</subfield><subfield code="c">MIU</subfield><subfield code="p">mdp.39015079128925</subfield><subfield code="s">MIU</subfield><subfield code="1">006814136</subfield></datafield><datafield tag="974" ind1=" " ind2=" "><subfield code="b">MIU</subfield><subfield code="c">MIU</subfield><subfield code="d">20210411</subfield><subfield code="s">lit-dlps-dc</subfield><subfield code="u">mdp.39015079128925</subfield><subfield code="y">1895</subfield><subfield code="r">pd</subfield><subfield code="q">exp</subfield></datafield></record></collection>